1483 2927
196 202 659 258 ADRIATICO
698 208 1209 267 REPORTATA.
1282 233 1345 280 93

210 380 318 426 Italis
367 383 740 432 TARANTOLA
783 387 955 441 dicitur,
1032 391 1153 451 quod
1188 409 1344 439 nomen

273 464 361 494 non
381 450 440 495 est
463 451 809 498 confundendum
840 471 934 499 cum
971 457 1204 504 Tarantella
1223 461 1343 521 quod

278 531 467 562 araneam
491 519 757 578 Apuliensem
775 521 982 583 fignificat.

157 663 301 700 Νοτ.
338 653 584 703 Florentiis
615 631 663 704 ἃ
691 654 796 707 alibi
832 660 978 709 Italiae
1019 659 1246 728 frequens
1276 665 1345 716 est

79 725 279 793 lacerta,
345 728 477 797 degit
519 731 570 781 in
612 732 868 785 hortorum
903 736 950 787 ἃ
976 737 1230 804 platearum
1274 741 1343 791 lo·

0 826 11 837 -
79 804 147 853 cis
193 805 433 871 obicuris,
499 807 579 860 sed
631 810 889 878 ingruente
941 816 1134 884 vespera
1175 834 1342 870 muros

75 879 272 934 scandit.

150 1154 203 1205 4.
238 1122 1259 1205 TRICHIURUSLEPTUXRUS.

356 1322 448 1366 B--
484 1322 583 1366 D--
613 1324 697 1368 P--
730 1294 825 1370 νς
851 1325 942 1368 Α--
973 1328 1055 1370 c.-

182 1475 295 1533 TR
317 1497 335 1533 Ι
355 1496 449 1534 CH
469 1498 487 1534 1
509 1497 547 1536 U
567 1495 604 1533 R
627 1498 706 1536 US
753 1499 980 1555 COFPOI‘C
1012 1500 1282 1559 argenteo.

199 1623 449 1669 Dalmatinis
479 1627 709 1670 GALERE
747 1624 884 1670 italico
905 1627 1106 1675 idiomate
1140 1647 1340 1697 vocatmg

265 1690 354 1736 hoc
383 1707 538 1736 nomen
583 1708 759 1752 quoque
796 1709 1024 1740 commune
1064 1698 1156 1742 est
1145 1715 1186 1744 ιη
1216 1703 1336 1747 Italia

268 1758 352 1802 aliis
373 1757 550 1819 piscibus
570 1775 645 1804 cor
626 1775 754 1819 pore
784 1760 981 1821 elongato
1009 1766 1202 1824 piaeditis.

118 1873 287 1934 'No'n
328 1883 445 1934 Satis
484 1898 632 1934 notus
663 1901 756 1933 nec
791 1884 1073 1953 infrequens
1096 1889 1146 1940 in
1170 1890 1332 1944 littore

69 1958 117 2010 ἃ
141 1960 301 2010 insulis
324 1962 595 2025 Dalmatiae,
638 1961 716 2011 sed
750 1963 816 2011 ob
841 1980 1029 2014 carnem
1063 1968 1220 2019 minus
1248 1972 1332 2021 bo-

67 2055 176 2087 nam
211 2055 234 2090 a
268 2039 579 2106 piscatoribus
622 2038 809 2106 semper
853 2040 899 2089 in
957 2059 1083 2094 mare
1131 2046 1330 2107 ejicitur.

66 2113 256 2165 Colore
278 2116 362 2167 suo
388 2131 617 2186 argenteo
642 2133 809 2167 manus
846 2121 1142 2185 tangentium
1178 2124 1330 2175 fertur

64 2193 327 2244 obducere.
445 2192 787 2260 Reliquia‘ejus
819 2195 1039 2246 exsiccata
1075 2198 1167 2248 vidi
1201 2203 1327 2267 apud

65 2270 428 2322 celeberrimum
452 2270 750 2322 ladrienfium
776 2273 1018 2323 Medicum
1040 2276 1125 2326 Dr.
1159 2278 1327 2330 Dnum

62 2349 319 2399 Antonium
351 2365 674 2410 ΒΛΝῙΕΙΛΛ,
722 2350 829 2416 qui,
879 2366 1048 2417 praeter
1084 2355 1327 2406 colledun-

60 2441 174 2474 nem
203 2427 511 2489 naturalium,
574 2425 738 2476 museo
771 2426 946 2494 gaudet
986 2430 1324 2497 antiquitatum

60 2501 285 2554 ditiss'imo
309 2504 354 2553 ὃ(
378 2503 763 2570 splendidiffimo.
863 2506 932 2553 Ex
966 2504 1223 2572 specimine
1256 2510 1324 2577 pi-

56 2579 170 2645 ἱεὶς,
208 2580 374 2644 injuria
403 2581 637 2651 temporis
669 2580 810 2631 nimis
846 2581 1032 2645 lacero,
1076 2585 1141 2634 nil
1182 2604 1323 2638 certae

1157 2663 1323 2715 descri-
