1483 2927
117 138 158 187 4
323 114 591 173 PISCES
653 113 1244 180 MASSILJENSES.

303 260 356 316 8.
412 248 835 328 SQVALUS
856 265 967 306 ,ΖΥ
988 267 1025 306 G
1047 265 1241 307 AENA.

239 397 275 456 S
293 416 389 476 qv
409 419 447 455 A
470 417 504 455 L
523 417 566 457 *u
588 418 612 457 s
658 400 831 476 capite
852 398 1125 466 latiffimo,
1159 412 1421 454 transver-

126 476 198 548 ΓΟ,
242 477 605 537 malleiforrni.

259 617 374 667 Salv,
393 614 487 684 pifc
525 625 632 674 128.
642 633 734 680 -40

258 698 582 748 Maffilienfibus
633 704 755 748 PEI-
765 699 1045 751 IOUZIOU,
1105 694 1232 757 quod
1277 691 1425 753 capitis

325 781 550 830 tempora,
586 785 667 816 ceu
687 767 924 819 cornicula,
960 765 1234 828 promineant
1252 758 1426 818 Judaeo-

324 852 424 882 rum
457 854 605 951 msere,
654 837 730 899 qui
756 836 812 883 fic
848 835 954 881 olim
991 830 1164 897 Mcffliae
1192 828 1428 878 indueban·

332 918 417 951 tur.
521 907 606 953 alv.

201 1026 350 1063 NOT.
394 1011 539 1064 Piscis
570 1011 700 1064 inter
723 1008 934 1073 Mafflliae
956 1010 1182 1074 rariore3‚
1203 1021 1300 1056 nec
1312 1018 1427 1054 eum

122 1088 175 1139 in
199 1089 463 1157 piscatorio
487 1090 613 1155 vidi,
647 1107 804 1142 unum
828 1103 990 1139 autem
1007 1086 1073 1137 ibi
1096 1099 1292 1154 captum
1315 1079 1428 1151 pos·

124 1164 245 1218 fidet
299 1168 521 1223 museum
584 1167 794 1233 Mafflliae
843 1163 1257 1219 instrufflffimum
1321 1157 1428 1214 Dni

125 1261 338 1300 vnn.

312 1406 385 1474 9.
426 1399 841 1480 SQVALUS
886 1415 1222 1462 GALEUS.

243 1546 279 1603 S
297 1566 394 1625 Qv
416 1569 455 1606 A
475 1567 510 1605 L
532 1568 573 1607 υ
594 1568 618 1606 s
674 1550 894 1609 naribus
921 1550 1002 1608 ori
1029 1547 1247 1608 vicinis,
1291 1544 1426 1602 fora-

126 1627 368 1684 minibus
391 1628 460 1684 ad
483 1628 690 1687 oculos.

257 1765 371 1810 Salv.
400 1763 496 1829 pist.
525 1781 630 1829 ¹30·
649 1781 730 1826 4¹·

258 1831 583 1880 Maffilienfibus
617 1838 745 1881 PAL.

201 1957 345 1992 NOT.
389 1939 576 1992 Piscem
602 1937 629 1992 ὲ
652 1958 972 1994 SALV1ANO
1000 1935 1166 1999 attuli,
1207 1934 1290 2004 qui
1313 1951 1426 1986 eum

124 2018 254 2070 inter
297 2019 608 2072 Maffilienses
655 2021 832 2084 refert,
898 2015 1161 2088 quomodo
1205 2029 1368 2066 autem
1401 2010 1428 2068 xa

123 2095 348 2165 sequenti
375 2097 568 2168 differt,
613 2099 732 2159 mihi
760 2117 868 2153 non
903 2099 1010 2152 satis
1047 2095 1252 2147 constat.

240 2269 323 2308 10.
382 2209 801 2330 SQVALUS
859 2266 1308 2313 CANICULA.

235 2396 271 2453 S
290 2416 385 2473 Qv
409 2421 448 2456 A
470 2419 504 2457 L
526 2419 566 2459 U
588 2420 611 2458 s
656 2405 834 2460 varius
849 2447 862 2474 ‚
884 2400 1131 2468 inermis,
1153 2400 1318 2474 pinna
1340 2397 1427 2454 ani

120 2475 306 2533 medio
332 2480 472 2538 inter
495 2500 664 2541 anum
690 2482 1033 2556 caudamque
1054 2479 1348 2555 pinnatam.

1309 2620 1428 2669 Salv.
